% This is a sample BibTeX bibliography file, showing articles, theses,
% proceedings, books and collections being cited
%
% Bibtex is fairly lax about capitalization, so AUTHOR, author, Author, are all
% equivalent ways to specify the author(s) of a work. Similarly, things can be
% in quotation marks or enclosed in "{...}" or sometimes just printed with no
% enclosing punctuation at all.
%
% Bibtex entries copied from the Web (even from the ACM Digital Library site) are
% often wrong, or badly formatted. PROOFREAD YOUR BIBTEX FILE!
%
% To force a word to be capitalized when BibTeX doesn't want to do it, put
% braces around the first letter, like this:
%          {T}hird {I}nternational {C}onference on {C}omputer {G}aming
%
% For URLs, use the \url{...} command inside a NOTE item, e.g.,
%
%           NOTE = {\url{http://cs.allegheny.edu}. Accessed 1 April 2013.},
%
% (There is a url entry type; it does not display anything.)

%########################################################################################################
%################################## Keep all citations below ############################################
%########################################################################################################
@article{rosa2017fast,
  title={{F}ast {F}ault {I}njection to {E}valuate {M}ulticore {S}ystems {S}oft {E}rror {R}eliability},
  author={Rosa, Felipe and Ost, Luciano and Reis, Ricardo and Davidmann, Simon and Lapides, Larry},
  year={2017}
}

@article{prause2017100,
  title={{I}s 100\% {T}est {C}overage a {R}easonable {R}equirement? {L}essons {L}earned from a {S}pace {S}oftware {P}roject},
  author={Prause, Christian R and Werner, J{\"u}rgen and Hornig, Kay and Bosecker, Sascha and Kuhrmann, Marco},
  booktitle={International Conference on Product-Focused Software Process Improvement},
  year={2017},
  organization={Springer}
}

@article{vera2017comprehensive,
  title={{A} {C}omprehensive {S}tudy of {P}seudo-tested {M}ethods},
  author={Vera-P{\'e}rez, Oscar Luis and Danglot, Benjamin and Monperrus, Martin and Baudry, Benoit},
  journal={Empirical Software Engineering},
  year={2017},
  publisher={Springer}
}

@article{brooks1987no,
  title={{N}o {S}ilver {B}ullet: {E}ssence and {A}ccidents of {S}oftware {E}ngineering},
  author={Brooks, Frederick P},
  journal={IEEE Computer},
  volume={20},
  number={4},
  year={1987}
}

@book{okken_2018, place={Erscheinungsort nicht ermittelbar},
  title={{P}ython {T}esting {W}ith {P}ytest {S}imple, {R}apid, {E}ffective, and {S}calable},
  publisher={Oreilly \& Associates Inc},
  author={Okken, Brian},
  year={2018}
}

@article{verdecchia2018architectural,
  title={{A}rchitectural {T}echnical {D}ebt {I}dentification: {T}he {R}esearch {L}andscape},
  author={Verdecchia, Roberto and Malavolta, Ivano and Lago, Patricia},
  booktitle={International Conference on Technical Debt (TechDebt)},
  year={2018}
}

@inproceedings{vera2018descartes,
  title={{D}escartes: a {PIT}est engine to detect pseudo-tested methods-tool demonstration},
  author={Vera-P{\'e}rez, Oscar Luis and Monperrus, Martin and Baudry, Benoit},
  booktitle={ASE 2018-33rd ACM/IEEE International Conference on Automated Software Engineering},
  year={2018},
  organization={ACM Press}
}

@article{lemieux2018fairfuzz,
  title={{F}air{F}uzz: {A} {T}argeted {M}utation {S}trategy for {I}ncreasing {G}reybox {F}uzz {T}esting {C}overage},
  author={Lemieux, Caroline and Sen, Koushik},
  booktitle={Proceedings of the 33rd ACM/IEEE International Conference on Automated Software Engineering},
  year={2018},
  organization={ACM}
}

@article{wang2017computer,
  title={{C}omputer programming with {P}ython for industrial and systems engineers: {P}erspectives from an instructor and students},
  author={Wang, Yong and Hill, Kasey J and Foley, Erin C},
  journal={Computer Applications in Engineering Education},
  volume={25},
  number={5},
  year={2017},
  publisher={Wiley Online Library}
}

@article{chen2018systematic,
  title={{A} systematic review of fuzzing techniques},
  author={Chen, Chen and Cui, Baojiang and Ma, Jinxin and Wu, Runpu and Guo, Jianchao and Liu, Wenqian},
  journal={Computers \& Security},
  year={2018},
  publisher={Elsevier}
}

@article{noller2018badger,
  title={{B}adger: {C}omplexity {A}nalysis with {F}uzzing and {S}ymbolic {E}xecution},
  author={Noller, Yannic and Kersten, Rody and P{\u{a}}s{\u{a}}reanu, Corina S},
  journal={arXiv preprint arXiv:1806.03283},
  year={2018}
}

@incollection{feinbube2018software,
author = {Lena Feinbube and Lukas Pirl and Andreas Polze},
title = {{S}oftware {F}ault {I}njection: {A} {P}ractical {P}erspective},
booktitle = {Dependability Engineering},
publisher = {IntechOpen},
year = {2018},
chapter = {4},
doi = {10.5772/intechopen.70427},
url = {https://doi.org/10.5772/intechopen.70427}
}

@inproceedings{karamcheti2018adaptive,
  title={{A}daptive {G}rey-{B}ox {F}uzz-{T}esting with {T}hompson {S}ampling},
  author={Karamcheti, Siddharth and Mann, Gideon and Rosenberg, David},
  booktitle={Proceedings of the 11th ACM Workshop on Artificial Intelligence and Security},
  pages={37--47},
  year={2018},
  organization={ACM}
}

@book{friedman_voas_1995,
 place={New York, NY},
 title={{S}oftware assessment: reliability, safety, testability},
 publisher={J. Wiley and Sons},
 author={Friedman, Michael A. and Voas, Jeffrey M.},
 year={1995}
}

@article{zhu1997software,
  title={{S}oftware unit test coverage and adequacy},
  author={Zhu, Hong and Hall, Patrick AV and May, John HR},
  journal={Acm computing surveys (csur)},
  volume={29},
  number={4},
  pages={366--427},
  year={1997},
  publisher={ACM}
}

@article{malaiya2002software,
  title={{S}oftware reliability growth with test coverage},
  author={Malaiya, Yashwant K and Li, Michael Naixin and Bieman, James M and Karcich, Rick},
  journal={IEEE Transactions on Reliability},
  volume={51},
  number={4},
  pages={420--426},
  year={2002},
  publisher={IEEE}
}

@article{fucci2017dissection,
  title={{A} dissection of the test-driven development process: does it really matter to test-first or to test-last?},
  author={Fucci, Davide and Erdogmus, Hakan and Turhan, Burak and Oivo, Markku and Juristo, Natalia},
  journal={IEEE Transactions on Software Engineering},
  volume={43},
  number={7},
  pages={597--614},
  year={2017},
  publisher={IEEE}
}

@article{zhang2018predictive,
  title={{P}redictive mutation testing},
  author={Zhang, Jie and Zhang, Lingming and Harman, Mark and Hao, Dan and Jia, Yue and Zhang, Lu},
  journal={IEEE Transactions on Software Engineering},
  year={2018},
  publisher={IEEE}
}

@article{sanner1999python,
  title={{P}ython: a programming language for software integration and development},
  author={Sanner, Michel F and others},
  journal={J Mol Graph Model},
  volume={17},
  number={1},
  pages={57--61},
  year={1999}
}

@inproceedings{niedermayr2016will,
  title={{W}ill my tests tell me if I break this code?},
  author={Niedermayr, Rainer and Juergens, Elmar and Wagner, Stefan},
  booktitle={Proceedings of the International Workshop on Continuous Software Evolution and Delivery},
  pages={23--29},
  year={2016},
  organization={ACM}
}

@inproceedings{coles2016pit,
  title={{P}it: a practical mutation testing tool for java},
  author={Coles, Henry and Laurent, Thomas and Henard, Christopher and Papadakis, Mike and Ventresque, Anthony},
  booktitle={Proceedings of the 25th International Symposium on Software Testing and Analysis},
  pages={449--452},
  year={2016},
  organization={ACM}
}
@inproceedings{khosrowjerdi2018virtualized,
  title={{V}irtualized-{F}ault {I}njection {T}esting: {A} {M}achine {L}earning {A}pproach},
  author={Khosrowjerdi, Hojat and Meinke, Karl and Rasmusson, Andreas},
  booktitle={Software Testing, Verification and Validation (ICST), 2018 IEEE 11th International Conference on},
  pages={297--308},
  year={2018},
  organization={IEEE}
}

@book{lutz2013learning,
  title={{L}earning {P}ython: {P}owerful {O}bject-{O}riented {P}rogramming},
  author={Lutz, Mark},
  year={2013},
  publisher={" O'Reilly Media, Inc."}
}

@article{goknil2016rule,
  title={{A} rule-based change impact analysis approach in software architecture for requirements changes},
  author={Goknil, Arda and Kurtev, Ivan and Berg, Klaas van den},
  journal={arXiv preprint arXiv:1608.02757},
  year={2016}
}

@book{voas_mcgraw_1998,
  place={New York},
  title={{S}oftware fault injection: inoculating programs against errors},
  publisher={Wiley Computer Pub.},
  author={Voas, Jeffrey M. and McGraw, Gary},
  year={1998}
}

@ARTICLE{IEEE,
  author={H. D. {Mills}},
  journal={IBM Systems Journal},
  title={{T}he management of software engineering, Part I: Principles of software engineering},
  year={1980},
  volume={19},
  number={4},
  pages={414-420},
  keywords={},
  doi={10.1147/sj.194.0414},
  ISSN={0018-8670},
  month={}
}

@misc{Gat,
   title = {{G}atorGrader: {A}utomated {C}hecking {T}ool},
   howpublished = "\url{https://github.com/GatorEducator/gatorgrader}",
   accessed = {2019-04-2}
}

@misc{Hat,
   title = {{H}atch: A modern project, package, and virtual env manager for Python},
   howpublished = "\url{https://github.com/ofek/hatch}",
   accessed = {2019-04-2}
}

@misc{Howd,
   title = {{H}owdoi: Instant coding answers via the command line},
   howpublished = "\url{https://github.com/gleitz/howdoi}",
   accessed = {2019-04-2}
}
